<?xml version="1.0" encoding="UTF-8"?><collection xmlns="http://www.loc.gov/MARC21/slim"><record><leader>00415nam--2200169-i-4500</leader><controlfield tag="001">000015923</controlfield><controlfield tag="002">20161230</controlfield><controlfield tag="005">20170221234218</controlfield><controlfield tag="008">060222s1000------------r-----000-0-eng-d</controlfield><datafield ind1=" " ind2=" " tag="040"><subfield code="a">IFIN-HH</subfield></datafield><datafield ind1=" " ind2=" " tag="080"><subfield code="a">517.98</subfield></datafield><datafield ind1=" " ind2=" " tag="100"><subfield code="a">Cristescu, Romulus</subfield></datafield><datafield ind1=" " ind2=" " tag="245"><subfield code="a">Spatii liniare ordonate</subfield></datafield><datafield ind1=" " ind2=" " tag="260"><subfield code="a">Bucuresti</subfield><subfield code="b">Editura Academiei Rsr</subfield><subfield code="c">1959</subfield></datafield><datafield ind1=" " ind2=" " tag="300"><subfield code="a">330 p</subfield></datafield><datafield ind1=" " ind2=" " tag="852"><subfield code="a">76525</subfield><subfield code="c">517.9</subfield></datafield><datafield ind1=" " ind2=" " tag="CAT"><subfield code="a">SYS</subfield><subfield code="c">20170221</subfield><subfield code="h">234218</subfield></datafield></record></collection>